
@MISC{voldemort,
	title = {Voldemort: A distributed database},
	howpublished = {\url{http://www.project-voldemort.com/voldemort/}},
	note = {[Online; accessed 14.1.2014]}
}


@MISC{zookeeper,
	title = {Apache ZooKeeper: A distributed cordination service},
	howpublished = {\url{https://zookeeper.apache.org/}},
	note = {[Online; accessed 24.3.2014]}
}

@MISC{zookeeperpaper,
	title = {ZooKeeper: Wait-free coordination for Internet-scale systems},
	howpublished = {\url{https://www.usenix.org/legacy/event/usenix10/tech/full_papers/Hunt.pdf/}},
	note = {[Online; accessed 24.3.2014]}
}

@INPROCEEDINGS{Karger97consistenthashing,
    author = {David Karger and Eric Lehman and Tom Leighton and Matthew Levine and Daniel Lewin and Rina Panigrahy Abstract},
    title = {Consistent hashing and random trees: Distributed caching protocols for relieving hot spots on the World Wide Web},
    booktitle = {In Proc. 29th ACM Symposium on Theory of Computing (STOC},
    year = {1997},
    pages = {654--663}
}

@INPROCEEDINGS{dynamo,
    author = {Giuseppe DeCandia and Deniz Hastorun and Madan Jampani and Gunavardhan Kakulapati and Avinash Lakshman and Alex Pilchin and Swaminathan Sivasubramanian and Peter Vosshall and Werner Vogels},
    title = {Dynamo: amazonâ€™s highly available key-value store},
    booktitle = {IN PROC. SOSP},
    year = {2007},
    pages = {205--220},
    publisher = {}
}
